@book{book1,
abstract = {"This book describes next-generation video coding and streaming technologies with a comparative assessment of the strengths and weaknesses. Specific emphasis is placed on the H.265/HEVC video coding standard and adaptive bit rate video streaming"--},
isbn = {1-119-13332-7},
year = {2015},
title = {Next-generation video coding and streaming},
edition = {1st},
language = {eng},
author = {Bing, Benny},
keywords = {Video compression; Electronic books},
publisher = {Wiley}
}

@unpublished{upm1,
number = {10.20868/UPM.thesis.65990},
month = {December},
title = {Contribuci{\'o}n a los mecanismos de adaptaci{\'o}n din{\'a}mica para servicios de distribuci{\'o}n multimedia sobre redes m{\'o}viles},
school = {Telecomunicacion},
author = {Miguel {\'A}ngel Aguayo Ortu{\~n}o},
year = {2020},
keywords = {Ancho de Banda; Comunicaciones M{\'o}viles; Comunicaci{\'o}n Multimedia; Dise{\~n}o y An{\'a}lisis de Algoritmos; Distribuci{\'o}n Adaptativa sobre HTTP; Estimaci{\'o}n; Factor de Olvido Adaptativo; Multimedia; Rendimiento = Algorithm Design and Analysis; Adaptive Forgetting Factor; Adaptive Streaming over HTTP; Bandwidth; Estimation; Multimedia; Mobile Communication; Multimedia Communication; Throughput},
url = {http://oa.upm.es/65990/},
abstract = {La amplia adopci{\'o}n de dispositivos m{\'o}viles con capacidad para servicios multimedia, la disponibilidad de mejores redes con mayores anchos de banda y la disponibilidad de plataformas que ofrecen contenido digital han llevado a una creciente popularidad de los servicios de distribuci{\'o}n de contenido multimedia. Sin embargo, los servicios de distribuci{\'o}n de contenido multimedia pueden estar sujetos a diferentes factores que afectan a la calidad percibida por los usuarios, como las interrupciones del servicio o las oscilaciones de calidad debidas a las cambiantes condiciones de la red, especialmente en las redes m{\'o}viles. El est{\'a}ndar ?Dynamic Adaptive Streaming over HTTP (DASH)? ha surgido como una soluci{\'o}n para ofrecer el servicio de distribuci{\'o}n del contenido multimedia. DASH aprovecha el uso de redes de distribuci{\'o}n de contenido y las capacidades de los dispositivos multimedia para permitir a los reproductores multimedia adaptar din{\'a}micamente la calidad de la transmisi{\'o}n multimedia al ancho de banda disponible y a las caracter{\'i}sticas del dispositivo. Como parte de la Tesis doctoral se realiz{\'o} un estudio del estado del arte de la tecnolog{\'i}a para ofrecer el servicio de distribuci{\'o}n de contenido multimedia utilizando el est{\'a}ndar DASH con el fin de detectar limitaciones y/o problemas en el servicio. Si bien muchos elementos de DASH est{\'a}n estandarizados, los algoritmos que proporcionan la adaptaci{\'o}n din{\'a}mica en el reproductor DASH no lo son. La adaptaci{\'o}n a menudo se basa en la estimaci{\'o}n del rendimiento o un mecanismo de control del buffer, es por esto por lo que tambi{\'e}n se realiz{\'o} un an{\'a}lisis de los distintos algoritmos de tasa adaptativa propuestos por la comunidad cient{\'i}fica con el fin de detectar {\'a}reas de oportunidad para mejorar la calidad en los servicios de distribuci{\'o}n multimedia para el est{\'a}ndar DASH. El objetivo de la presente Tesis Doctoral es mejorar la calidad percibida por los usuarios mediante la propuesta de soluciones para los servicios de distribuci{\'o}n multimedia en redes m{\'o}viles. La contribuci{\'o}n principal de la Tesis Doctoral se ha concretado en un nuevo algoritmo de tasa adaptativa para estimar el throughput del reproductor DASH basado en un m{\'e}todo estad{\'i}stico denominado ?Adaptive Forgetting Factor (AFF)?. Usando este m{\'e}todo la l{\'o}gica de adaptaci{\'o}n puede reaccionar apropiadamente a las diferentes condiciones de distintos tipos de redes de acceso, en especial en las redes m{\'o}viles. Para validar la propuesta del algoritmo de tasa adaptativa de estimaci{\'o}n del throughput basado en el m{\'e}todo AFF, se han desarrollado escenarios y varias plataformas virtualizadas para evaluar el algoritmo de tasa adaptativa. Este trabajo se ha realizado en el marco del proyecto INNPACTO LTExtreme financiado por el Ministerio de Ciencia e Innovaci{\'o}n de Espa{\~n}a. ----------ABSTRACT---------- The wide adoption of multimedia-capable mobile devices, the availability of better networks with higher bandwidths, and the availability of platforms offering digital content has led to an increasing popularity for multimedia streaming services. Nonetheless, multimedia streaming services can be subject to different factors that affect the quality perceived by the users, such as service disruptions or quality oscillations due to the changing network conditions, especially in mobile networks. The Dynamic Adaptive Streaming over HTTP (DASH) standard has emerged as a solution for multimedia streaming services. DASH leverages the use of content-distribution networks and the capabilities of multimedia devices to allow multimedia players to dynamically adapt the quality of the media streaming to the available bandwidth and the device characteristics. As part of this thesis, a state of the art review of DASH multimedia streaming services has been conducted in order to detect limitations or problems with the service. While multiple elements of DASH are standardized, the algorithms providing the dynamic adaptation for the streaming are not. The adaptation algorithm is often based on the estimation of the throughput or a buffer control mechanism. Therefore, a study of the different algorithms proposed by the scientific community has been performed to detect areas of opportunity to enhance the quality of DASH multimedia streaming services. The overall objective of this thesis is to improve user perceived quality through the proposal of solutions for multimedia streaming services in mobile networks. The central thesis contribution is a new adaptive bitrate algorithm that estimates the throughput of the DASH player based on a statistical method named Adaptive Forgetting Factor (AFF). Using this method, the adaptation logic is able to react appropriately to the different conditions of different types of networks, especially mobile networks. In order to validate the proposal of the adaptive bitrate algorithm based on the AFF estimation method, a set of experiments and several virtualized platforms have been developed to evaluate the adaptive rate algorithm. This work has been accomplished within the framework of the INNPACTO LTExtreme project supported by the Ministry of Science and Innovation of Spain.},
}

@techreport{ios1,
  author      = {Iraj Sodagar},
  title       = {{White paper on MPEG-DASH Standard. MPEG-DASH: The Standard for Multimedia Streaming Over Internet}},
  institution = {{ISO/IEC}},
  year        = {2012}
}

@techreport{sandvine1,
  author       = {Lyn Cantor},
  title        = {The Global Internet Phenomena Report COVID-19 Spotlight},
  institution  = {Sandvine},
  year         = {2020}
}

@misc{cisco1,
  author       = {Cisco},
  title        = {Cisco Predicts More IP Traffic in the Next Five Years Than in the History of the Internet},
  howpublished = {\url{https://newsroom.cisco.com/press-release-content?type=webcontent&articleId=1955935}},
  year         = {2018},
  month        = {11}
}

@misc{mss2,
  author       = {Christopher Mueller},
  title        = {Microsoft Smooth Streaming},
  howpublished = {\url{https://bitmovin.com/microsoft-smooth-streaming-mss/}},
  year         = {2015}
}

@misc{dash1,
  author       = {ISO},
  title        = {{MEPG-DASH}},
  howpublished = {\url{http://www.iso.org/iso/home/standards.htm}},
  year         = {}
}

@misc{dash2,
  author       = {{DASH-IF}},
  title        = {{DASH Industry Forum}},
  howpublished = {\url{https://dashif.org/}},
  year         = {}
}

@misc{dash3,
  author       = {{DASH-IF}},
  title        = {dash.js},
  howpublished = {\url{https://github.com/Dash-Industry-Forum/dash.js}},
  year         = {}
}

@misc{dash5,
  author       = {Universidad Politécnica de Valencia},
  title        = {{Vídeo adaptativo a través de MPEG-DASH}},
  howpublished = {\url{https://www.comm.upv.es/es/dash/}},
  year         = {}
}

@misc{hls1,
  author       = {Apple},
  title        = {{HTTP Live Streaming}},
  howpublished = {\url{https://developer.apple.com/streaming}},
  year         = {}
}

@misc{hls2,
  author       = {IETF},
  title        = {{RFC 8216 - HTTP Live Streaming - IETF Tools}},
  howpublished = {\url{https://tools.ietf.org/html/rfc8216}},
  year         = {2017},
  month        = {August}
}

@misc{hls3,
  author       = {video-dev},
  title        = {{HLS.js}},
  howpublished = {\url{https://github.com/video-dev/hls.js}},
  year         = {}
}

@misc{ns3,
  author       = {ns-3},
  title        = {{A Discrete-Event Network Simulator}},
  howpublished = {\url{https://www.nsnam.org/}},
  year         = {}
}

@misc{mss1,
  author       = {Microsoft},
  title        = {Silverlight},
  howpublished = {\url{https://www.microsoft.com/silverlight/smoothstreaming/}},
  year         = {}
}

@misc{hds1,
  author       = {Adobe},
  title        = {{Live Streaming}},
  howpublished = {\url{https://www.adobe.com/es/products/hds-dynamic-streaming.html}},
  year         = {}
}

@misc{mob1,
  author       = {William. E. Gibson},
  title        = {{First Cellular Phone Call Was Made 45 Years Ago}},
  howpublished = {\url{https://www.aarp.org/politics-society/history/info-2018/first-cell-phone-call.html}},
  year         = {2018}
}

@misc{abr1,
  author       = {Streaming Media East},
  title        = {{Adapting your player logic to your use case: how to use ABR to your advantage}},
  howpublished = {\url{https://es.slideshare.net/EricaBeavers/abr-algorithms-2017-streaming-media-east}},
  year         = {2017}
}

@techreport{lte1,
  author      = {3GPP},
  title        = {{3\textsuperscript{rd} Generation Partnership Project;
                  Technical Specification Group Services and System Aspects;
                  Technical Specifications and Technical Reports for a 
                  GERAN-based 3GPP system
                  (Release 8)}},
  year        = {2009},
  number      = {{3GPP TS 41.101}},
}

@book{lte2,
series = {Prentice Hall Communications Engineering and Emerging Technologies Series from Ted Rappaport},
abstract = {The Definitive Guide to LTE TechnologyLong-Term Evolution (LTE) is the next step
in the GSM evolutionary path beyond 3G technology, and it is
strongly positioned to be the dominant global standard for 4G
cellular networks. LTE also represents the first generation of
cellular networks to be based on a flat IP architecture and is
designed to seamlessly support a variety of different services,
such as broadband data, voice, and multicast video. Its design
incorporates many of the key innovations of digital communication,
such as MIMO (multiple input multiple output) and OFDMA (orthogonal
frequency division multiple access), that mandate new skills to
plan, build, and deploy an LTE network.In Fundamentals of LTE, four
leading experts from academia and industry explain the technical
foundations of LTE in a tutorial style—
providing a comprehensive overview of the standards. Following the
same approach that made their recent Fundamentals of WiMAX
successful, the authors offer a complete framework for
understanding and evaluating LTE.Topics includeCellular wireless history and evolution: Technical advances,
market drivers, and foundational networking and communications
technologiesMulticarrier modulation theory and practice: OFDM system
design, peak-to-average power ratios, and SC-FDE
solutionsFrequency Domain Multiple Access: OFDMA downlinks, SC-FDMA
uplinks, resource allocation, and LTE-specific
implementationMultiple antenna techniques and tradeoffs: spatial diversity,
interference cancellation, spatial multiplexing, and
multiuser/networked MIMOLTE standard overview: air interface protocol, channel
structure, and physical layersDownlink and uplink transport channel processing: channel
encoding, modulation mapping, Hybrid ARQ, multi-antenna processing,
and morePhysical/MAC layer procedures and scheduling: channel-aware
scheduling, closed/open-loop multi-antenna processing, and
morePacket flow, radio resource, and mobility management: RLC,
PDCP, RRM, and LTE radio access network mobility/handoff
procedures},
publisher = {Pearson},
isbn = {013703363X},
year = {2010},
title = {Fundamentals of LTE},
language = {eng},
author = {Muhamed, Rias and Ghosh, Arunabha and Zhang, Jun and Andrews, Jeffrey G},
keywords = {Cell phone systems},
}

@article{jfi,
  added-at = {2020-01-10T00:00:00.000+0100},
  author = {Jain, Raj and Chiu, Dah-Ming and Hawe, W.},
  biburl = {https://www.bibsonomy.org/bibtex/2dda8f34451e32c7ceb27325908ab75e0/dblp},
  ee = {https://arxiv.org/abs/cs/9809099},
  interhash = {51da9ffd174bec38dae832a18dea561e},
  intrahash = {dda8f34451e32c7ceb27325908ab75e0},
  journal = {CoRR},
  keywords = {dblp},
  timestamp = {2020-01-11T11:42:16.000+0100},
  title = {A Quantitative Measure Of Fairness And Discrimination For Resource Allocation In Shared Computer Systems},
  url = {http://dblp.uni-trier.de/db/journals/corr/corr9809.html#cs-NI-9809099},
  volume = {cs.NI/9809099},
  year = 1998
}



@book{3gpp1,
  author         = {3GPP},
  title          = {{Transparent End-to-End Packet-switched Streaming Service (PSS); Progressive Download and Dynamic Adaptive Streaming over HTTP (3GP-DASH)}},
  publisher      = {{3GPP TS 26.247 v16.4.1}},
  year           = {2020}
}

@book{itu1,
  author         = {ITU-T},
  title          = {{Recommendation E.800 : Definitions of terms related to quality of service}},
  publisher      = {ITU},
  year           = {2017}
}

@book{itu2,
  author         = {ITU-T},
  title          = {{Recommendation P.10/G.100: Vocabulary for performance, quality of service and quality of experience}},
  publisher      = {ITU},
  year           = {2017}
}

@book{ISO23009,
  author      = {International Organization for Standardization},
  type        = {Standard},
  title       = {{Information technology — Dynamic adaptive streaming over HTTP (DASH) - Part 1: Media presentation description and segment formats}},
  edition     = {{ISO/IEC 23009-1:2019(E)}},
  publisher   = {International Organization for Standardization},
  year        = {2019},
  url         = {https://www.iso.org/obp/ui/#iso:std:iso-iec:23009:-1:ed-4:v1:en},
}

@book{ssmm1,
  author         = {Julián Cabrera},
  editor         = {{GTI Grupo de Tratamiento de Imágenes}},
  title          = {{Apuntes de Sistemas y Servicios de Multimedia (MUIT)}},
  publisher      = {{Universidad Politécnica de Madrid}},
  year           = {2020}
}

@book{cmov1,
  author         = {Luis Mendo Tomas},
  editor         = {{SSR Grupo de Señales, Sistemas y Radiocomunicaciones}},
  title          = {{Apuntes de Comunicaciones Móviles (GITST)}},
  publisher      = {{Universidad Politécnica de Madrid}},
  year           = {2018}
}

@misc{ofdma1,
  author       = {Techplayon},
  title        = {{LTE FDD System Capacity and Throughput Calculation}},
  howpublished = {\url{https://www.techplayon.com/lte-fdd-system-capacity-and-throughput-calculation/}},
  year         = {}
}

@INPROCEEDINGS{bola1,
  author={Spiteri, Kevin and Urgaonkar, Rahul and Sitaraman, Ramesh K.},
  booktitle={IEEE INFOCOM 2016 - The 35th Annual IEEE International Conference on Computer Communications}, 
  title={BOLA: Near-optimal bitrate adaptation for online videos}, 
  year={2016},
  volume={},
  number={},
  pages={1-9},
  doi={10.1109/INFOCOM.2016.7524428}}


@book{VisserHubregtJ.2012Ataa,
abstract = {This book offers an in-depth coverage of fundamental antenna theory, and shows how to apply this in practice. The author discusses electromagnetic radiation and antenna characteristics such as impedance, radiation pattern, polarization, gain and efficiency. In addition, the book provides readers with the necessary tools for analyzing complex antennas and for designing new ones. Furthermore, a refresher chapter on vector algebra, including gradient, divergence and curl operation is included. Throughout the book ample examples of employing the derived theory are given and all chapters are concluded with problems, giving the reader the opportunity to test his/her acquired knowledge. Key Features: -- Covers the mathematical and physical background that is needed to understand electromagnetic radiation and antennas. -- Discusses the origin of radiation and provides an in-depth explanation of antenna parameters. -- Explores all the necessary steps in antenna analysis allowing the reader to understand and analyze new antenna structures. -- Contains a chapter on vector algebra, which is often a stumbling block for learners in this field.-- Includes examples and a list of problems at the end of each chapter. -- Accompanied by a website containing solutions to the problems (for instructors) and CST modeling files (www.wiley.com/go/visser--antennas. This book will serve as an invaluable reference for advanced (last year Bsc, Msc) students in antenna and RF engineering, wireless communications, electrical engineering, radio engineers and other professionals needing a reference on antenna theory. It will also be of interest to advanced/senior radio engineers, designers and developers.},
isbn = {9781119944751},
year = {2012},
title = {Antenna theory and applications},
language = {eng},
author = {Visser, Hubregt J.},
keywords = {Antennas (Electronics); Antennas (Electronics); Electronic books},
}

@book{piro,
  author         = {{Giuseppe Piro, Nicola Baldo, Marco Miozzo}},
  editor         = {ns-3},
  title          = {{An LTE Module for the ns-3 network simulator}},
  publisher      = {{CTTC Catalan Telecommunications Technology Centre}},
  year           = {2011}
}

@book{lte3,
  author         = {SeungJune Yi and SungDuck Chun and YoungDae Lee and SungJun Park and SungHoon Jung},
  editor         = {{WILEY}},
  title          = {{Radio Protocols for LTE and LTE-Advanced}},
  publisher      = {{O'Reilly Media, Inc.}},
  year           = {2021}
}

@misc{lte4,
  author       = {electronicsnotes},
  title        = {{LTE EARFCN Radio Channel Numbers}},
  howpublished = {\url{https://www.electronics-notes.com/articles/connectivity/4g-lte-long-term-evolution/lte-earfcn-radio-channel-numbers.php}},
  year         = {}
}

@misc{cdf,
  author       = {Jane Pitkethly},
  title        = {Cumulative Distribution Functions},
  howpublished = {\url{http://amsi.org.au/ESA_Senior_Years/SeniorTopic4/4e/4e_2content_2.html}},
  year         = {}
}

@misc{gsm1,
  author       = {{GSMA}},
  title        = {{The Mobile Economy 2020}},
  howpublished = {\url{https://www.gsma.com/mobileeconomy/wp-content/uploads/2020/03/GSMA_MobileEconomy2020_Global.pdf}},
  year         = {2020}
}